%YAML 1.1
%TAG !u! tag:unity3d.com,2011:
--- !u!1001 &100100000
Prefab:
  m_ObjectHideFlags: 1
  serializedVersion: 2
  m_Modification:
    m_TransformParent: {fileID: 0}
    m_Modifications: []
    m_RemovedComponents: []
  m_ParentPrefab: {fileID: 0}
  m_RootGameObject: {fileID: 1000010299343162}
  m_IsPrefabParent: 1
--- !u!1 &1000010299343162
GameObject:
  m_ObjectHideFlags: 0
  m_PrefabParentObject: {fileID: 0}
  m_PrefabInternal: {fileID: 100100000}
  serializedVersion: 4
  m_Component:
  - 4: {fileID: 4000014130445526}
  - 33: {fileID: 33000010248124592}
  - 23: {fileID: 23000013414075950}
  - 65: {fileID: 65000012515348914}
  - 114: {fileID: 114000013435188104}
  - 114: {fileID: 114000010302740078}
  m_Layer: 0
  m_Name: Node4.000
  m_TagString: Untagged
  m_Icon: {fileID: 0}
  m_NavMeshLayer: 0
  m_StaticEditorFlags: 0
  m_IsActive: 1
--- !u!1 &1000011856728996
GameObject:
  m_ObjectHideFlags: 0
  m_PrefabParentObject: {fileID: 0}
  m_PrefabInternal: {fileID: 100100000}
  serializedVersion: 4
  m_Component:
  - 4: {fileID: 4000013153284422}
  - 33: {fileID: 33000014164981826}
  - 23: {fileID: 23000013810330586}
  - 65: {fileID: 65000013992856790}
  - 54: {fileID: 54000014127874442}
  - 114: {fileID: 114000013530850806}
  m_Layer: 0
  m_Name: Node2.Connection.000
  m_TagString: Pipe
  m_Icon: {fileID: 0}
  m_NavMeshLayer: 0
  m_StaticEditorFlags: 0
  m_IsActive: 1
--- !u!1 &1000014168023116
GameObject:
  m_ObjectHideFlags: 0
  m_PrefabParentObject: {fileID: 0}
  m_PrefabInternal: {fileID: 100100000}
  serializedVersion: 4
  m_Component:
  - 4: {fileID: 4000013623868260}
  - 33: {fileID: 33000012823395474}
  - 23: {fileID: 23000013462032546}
  - 65: {fileID: 65000013897629172}
  - 54: {fileID: 54000014089035400}
  - 114: {fileID: 114000013027166882}
  m_Layer: 0
  m_Name: Node2.Connection.002
  m_TagString: Pipe
  m_Icon: {fileID: 0}
  m_NavMeshLayer: 0
  m_StaticEditorFlags: 0
  m_IsActive: 1
--- !u!4 &4000013153284422
Transform:
  m_ObjectHideFlags: 1
  m_PrefabParentObject: {fileID: 0}
  m_PrefabInternal: {fileID: 100100000}
  m_GameObject: {fileID: 1000011856728996}
  m_LocalRotation: {x: 1.93e-43, y: 0.00000003049969, z: 2.1158925e-37, w: 1}
  m_LocalPosition: {x: -0, y: 0.00000030517577, z: 0.1836914}
  m_LocalScale: {x: 0.8794217, y: 0.87942165, z: 0.87942165}
  m_Children: []
  m_Father: {fileID: 4000014130445526}
  m_RootOrder: 0
  m_LocalEulerAnglesHint: {x: 0, y: 0, z: 0}
--- !u!4 &4000013623868260
Transform:
  m_ObjectHideFlags: 1
  m_PrefabParentObject: {fileID: 0}
  m_PrefabInternal: {fileID: 100100000}
  m_GameObject: {fileID: 1000014168023116}
  m_LocalRotation: {x: 0.00000003049969, y: 4.6053253e-15, z: 1, w: 0.0000000754979}
  m_LocalPosition: {x: -0, y: 0.00000030517577, z: 0.1836914}
  m_LocalScale: {x: 0.8794217, y: 0.87942165, z: 0.87942165}
  m_Children: []
  m_Father: {fileID: 4000014130445526}
  m_RootOrder: 1
  m_LocalEulerAnglesHint: {x: 0, y: 0, z: 0}
--- !u!4 &4000014130445526
Transform:
  m_ObjectHideFlags: 1
  m_PrefabParentObject: {fileID: 0}
  m_PrefabInternal: {fileID: 100100000}
  m_GameObject: {fileID: 1000010299343162}
  m_LocalRotation: {x: 0, y: -0, z: -0, w: 1}
  m_LocalPosition: {x: 0, y: 0, z: 0}
  m_LocalScale: {x: 1, y: 1, z: 1}
  m_Children:
  - {fileID: 4000013153284422}
  - {fileID: 4000013623868260}
  m_Father: {fileID: 0}
  m_RootOrder: 0
  m_LocalEulerAnglesHint: {x: 0, y: 0, z: 0}
--- !u!23 &23000013414075950
MeshRenderer:
  m_ObjectHideFlags: 1
  m_PrefabParentObject: {fileID: 0}
  m_PrefabInternal: {fileID: 100100000}
  m_GameObject: {fileID: 1000010299343162}
  m_Enabled: 1
  m_CastShadows: 1
  m_ReceiveShadows: 1
  m_LightProbeUsage: 1
  m_ReflectionProbeUsage: 1
  m_Materials:
  - {fileID: 2100000, guid: ed0d19ec2fb882043affe4e4ef523f10, type: 2}
  - {fileID: 2100000, guid: 710efa1c6f882df468e329d4ebb352f7, type: 2}
  - {fileID: 2100000, guid: dde52ffc062c0c74489242d8e4628f43, type: 2}
  m_SubsetIndices: 
  m_StaticBatchRoot: {fileID: 0}
  m_ProbeAnchor: {fileID: 0}
  m_LightProbeVolumeOverride: {fileID: 0}
  m_ScaleInLightmap: 1
  m_PreserveUVs: 0
  m_IgnoreNormalsForChartDetection: 0
  m_ImportantGI: 0
  m_MinimumChartSize: 4
  m_AutoUVMaxDistance: 0.5
  m_AutoUVMaxAngle: 89
  m_LightmapParameters: {fileID: 0}
  m_SortingLayerID: 0
  m_SortingOrder: 0
--- !u!23 &23000013462032546
MeshRenderer:
  m_ObjectHideFlags: 1
  m_PrefabParentObject: {fileID: 0}
  m_PrefabInternal: {fileID: 100100000}
  m_GameObject: {fileID: 1000014168023116}
  m_Enabled: 1
  m_CastShadows: 1
  m_ReceiveShadows: 1
  m_LightProbeUsage: 1
  m_ReflectionProbeUsage: 1
  m_Materials:
  - {fileID: 2100000, guid: 710efa1c6f882df468e329d4ebb352f7, type: 2}
  - {fileID: 2100000, guid: dde52ffc062c0c74489242d8e4628f43, type: 2}
  - {fileID: 2100000, guid: dcf09c16b9359304680d81bd956782b6, type: 2}
  m_SubsetIndices: 
  m_StaticBatchRoot: {fileID: 0}
  m_ProbeAnchor: {fileID: 0}
  m_LightProbeVolumeOverride: {fileID: 0}
  m_ScaleInLightmap: 1
  m_PreserveUVs: 0
  m_IgnoreNormalsForChartDetection: 0
  m_ImportantGI: 0
  m_MinimumChartSize: 4
  m_AutoUVMaxDistance: 0.5
  m_AutoUVMaxAngle: 89
  m_LightmapParameters: {fileID: 0}
  m_SortingLayerID: 0
  m_SortingOrder: 0
--- !u!23 &23000013810330586
MeshRenderer:
  m_ObjectHideFlags: 1
  m_PrefabParentObject: {fileID: 0}
  m_PrefabInternal: {fileID: 100100000}
  m_GameObject: {fileID: 1000011856728996}
  m_Enabled: 1
  m_CastShadows: 1
  m_ReceiveShadows: 1
  m_LightProbeUsage: 1
  m_ReflectionProbeUsage: 1
  m_Materials:
  - {fileID: 2100000, guid: 710efa1c6f882df468e329d4ebb352f7, type: 2}
  - {fileID: 2100000, guid: dde52ffc062c0c74489242d8e4628f43, type: 2}
  - {fileID: 2100000, guid: dcf09c16b9359304680d81bd956782b6, type: 2}
  m_SubsetIndices: 
  m_StaticBatchRoot: {fileID: 0}
  m_ProbeAnchor: {fileID: 0}
  m_LightProbeVolumeOverride: {fileID: 0}
  m_ScaleInLightmap: 1
  m_PreserveUVs: 0
  m_IgnoreNormalsForChartDetection: 0
  m_ImportantGI: 0
  m_MinimumChartSize: 4
  m_AutoUVMaxDistance: 0.5
  m_AutoUVMaxAngle: 89
  m_LightmapParameters: {fileID: 0}
  m_SortingLayerID: 0
  m_SortingOrder: 0
--- !u!33 &33000010248124592
MeshFilter:
  m_ObjectHideFlags: 1
  m_PrefabParentObject: {fileID: 0}
  m_PrefabInternal: {fileID: 100100000}
  m_GameObject: {fileID: 1000010299343162}
  m_Mesh: {fileID: 4300010, guid: 439c6992302c1b14faa30c3aa9313b17, type: 3}
--- !u!33 &33000012823395474
MeshFilter:
  m_ObjectHideFlags: 1
  m_PrefabParentObject: {fileID: 0}
  m_PrefabInternal: {fileID: 100100000}
  m_GameObject: {fileID: 1000014168023116}
  m_Mesh: {fileID: 4300012, guid: 439c6992302c1b14faa30c3aa9313b17, type: 3}
--- !u!33 &33000014164981826
MeshFilter:
  m_ObjectHideFlags: 1
  m_PrefabParentObject: {fileID: 0}
  m_PrefabInternal: {fileID: 100100000}
  m_GameObject: {fileID: 1000011856728996}
  m_Mesh: {fileID: 4300016, guid: 439c6992302c1b14faa30c3aa9313b17, type: 3}
--- !u!54 &54000014089035400
Rigidbody:
  m_ObjectHideFlags: 1
  m_PrefabParentObject: {fileID: 0}
  m_PrefabInternal: {fileID: 100100000}
  m_GameObject: {fileID: 1000014168023116}
  serializedVersion: 2
  m_Mass: 1
  m_Drag: 0
  m_AngularDrag: 0.05
  m_UseGravity: 0
  m_IsKinematic: 1
  m_Interpolate: 0
  m_Constraints: 0
  m_CollisionDetection: 0
--- !u!54 &54000014127874442
Rigidbody:
  m_ObjectHideFlags: 1
  m_PrefabParentObject: {fileID: 0}
  m_PrefabInternal: {fileID: 100100000}
  m_GameObject: {fileID: 1000011856728996}
  serializedVersion: 2
  m_Mass: 1
  m_Drag: 0
  m_AngularDrag: 0.05
  m_UseGravity: 0
  m_IsKinematic: 1
  m_Interpolate: 0
  m_Constraints: 0
  m_CollisionDetection: 0
--- !u!65 &65000012515348914
BoxCollider:
  m_ObjectHideFlags: 1
  m_PrefabParentObject: {fileID: 0}
  m_PrefabInternal: {fileID: 100100000}
  m_GameObject: {fileID: 1000010299343162}
  m_Material: {fileID: 0}
  m_IsTrigger: 0
  m_Enabled: 1
  serializedVersion: 2
  m_Size: {x: 3, y: 3, z: 1.0777214}
  m_Center: {x: 3.4251079e-12, y: 6.155536e-13, z: 0.11768581}
--- !u!65 &65000013897629172
BoxCollider:
  m_ObjectHideFlags: 1
  m_PrefabParentObject: {fileID: 0}
  m_PrefabInternal: {fileID: 100100000}
  m_GameObject: {fileID: 1000014168023116}
  m_Material: {fileID: 0}
  m_IsTrigger: 1
  m_Enabled: 1
  serializedVersion: 2
  m_Size: {x: 1, y: 0.5239288, z: 0.61510545}
  m_Center: {x: -1.7, y: 3.0639035e-12, z: 0.045588326}
--- !u!65 &65000013992856790
BoxCollider:
  m_ObjectHideFlags: 1
  m_PrefabParentObject: {fileID: 0}
  m_PrefabInternal: {fileID: 100100000}
  m_GameObject: {fileID: 1000011856728996}
  m_Material: {fileID: 0}
  m_IsTrigger: 1
  m_Enabled: 1
  serializedVersion: 2
  m_Size: {x: 1, y: 0.5239288, z: 0.61510545}
  m_Center: {x: -1.7, y: 3.5925078e-12, z: 0.04558642}
--- !u!114 &114000010302740078
MonoBehaviour:
  m_ObjectHideFlags: 1
  m_PrefabParentObject: {fileID: 0}
  m_PrefabInternal: {fileID: 100100000}
  m_GameObject: {fileID: 1000010299343162}
  m_Enabled: 1
  m_EditorHideFlags: 0
  m_Script: {fileID: 11500000, guid: c4af65f15a8d54f428701615138dbe67, type: 3}
  m_Name: 
  m_EditorClassIdentifier: 
  pipePuzzleManager: {fileID: 0}
  pipeColliders:
  - {fileID: 114000013530850806}
  - {fileID: 114000013027166882}
  isPowered: 0
  pipeActivator: {fileID: 114000013435188104}
  HoverInColor: {r: 0, g: 0.83137256, b: 1, a: 1}
--- !u!114 &114000013027166882
MonoBehaviour:
  m_ObjectHideFlags: 1
  m_PrefabParentObject: {fileID: 0}
  m_PrefabInternal: {fileID: 100100000}
  m_GameObject: {fileID: 1000014168023116}
  m_Enabled: 1
  m_EditorHideFlags: 0
  m_Script: {fileID: 11500000, guid: cc5b49e3ad4f4e1428a35a5a39baadfa, type: 3}
  m_Name: 
  m_EditorClassIdentifier: 
  parentPipe: {fileID: 114000010302740078}
  connectedPipe: {fileID: 0}
  connectedCollider: {fileID: 0}
  turnOnMaterial: {fileID: 2100000, guid: b27faf0f60db817429465a981a36baba, type: 2}
  turnOffMaterial: {fileID: 2100000, guid: dcf09c16b9359304680d81bd956782b6, type: 2}
  exhausted: 0
--- !u!114 &114000013435188104
MonoBehaviour:
  m_ObjectHideFlags: 1
  m_PrefabParentObject: {fileID: 0}
  m_PrefabInternal: {fileID: 100100000}
  m_GameObject: {fileID: 1000010299343162}
  m_Enabled: 1
  m_EditorHideFlags: 0
  m_Script: {fileID: 11500000, guid: 7fea6f8eea666334aaf9869ad8f7bcda, type: 3}
  m_Name: 
  m_EditorClassIdentifier: 
--- !u!114 &114000013530850806
MonoBehaviour:
  m_ObjectHideFlags: 1
  m_PrefabParentObject: {fileID: 0}
  m_PrefabInternal: {fileID: 100100000}
  m_GameObject: {fileID: 1000011856728996}
  m_Enabled: 1
  m_EditorHideFlags: 0
  m_Script: {fileID: 11500000, guid: cc5b49e3ad4f4e1428a35a5a39baadfa, type: 3}
  m_Name: 
  m_EditorClassIdentifier: 
  parentPipe: {fileID: 114000010302740078}
  connectedPipe: {fileID: 0}
  connectedCollider: {fileID: 0}
  turnOnMaterial: {fileID: 2100000, guid: b27faf0f60db817429465a981a36baba, type: 2}
  turnOffMaterial: {fileID: 2100000, guid: dcf09c16b9359304680d81bd956782b6, type: 2}
  exhausted: 0
